@misc{stark,
    author       = {Eli Ben-Sasson and
                    Iddo Bentov and
                    Yinon Horesh and
                    Michael Riabzev},
    title        = {Scalable, transparent, and post-quantum secure computational integrity},
    howpublished = {Cryptology ePrint Archive, Report 2018/046},
    year         = {2018},
    note         = {\url{https://ia.cr/2018/046}},
}

@misc{plonk,
    author       = {Ariel Gabizon and
                    Zachary J. Williamson and
                    Oana Ciobotaru},
    title        = {PLONK: Permutations over Lagrange-bases for Oecumenical Noninteractive arguments of Knowledge},
    howpublished = {Cryptology ePrint Archive, Report 2019/953},
    year         = {2019},
    note         = {\url{https://ia.cr/2019/953}},
}

@article{yellowpaper,
	title={Ethereum: A secure decentralised generalised transaction ledger},
	author={Wood, Gavin and others},
	journal={Ethereum project yellow paper},
	volume={151},
	number={2014},
	pages={1--32},
	year={2014}
}
